<?xml version="1.0" encoding="UTF-8"?><collection xmlns="http://www.loc.gov/MARC21/slim"><record><leader>00393nam--2200145-i-4500</leader><controlfield tag="001">000047238</controlfield><controlfield tag="002">20161230</controlfield><controlfield tag="005">20161230201046</controlfield><controlfield tag="008">060222s1000------------r-----000-0-eng-d</controlfield><datafield ind1=" " ind2=" " tag="080"><subfield code="a">530.145:538</subfield></datafield><datafield ind1=" " ind2=" " tag="100"><subfield code="a">White,Robert M</subfield></datafield><datafield ind1=" " ind2=" " tag="245"><subfield code="a">Quantum theory of magnetism</subfield></datafield><datafield ind1=" " ind2=" " tag="260"><subfield code="a">New York, Mcgraw-hill Book Comp.,1970. Xi + 232 P</subfield></datafield><datafield ind1=" " ind2=" " tag="490"><subfield code="a">Mcgraw-hill Aadv.Ph.Monograph Series</subfield></datafield><datafield ind1=" " ind2=" " tag="852"><subfield code="a">34594</subfield></datafield></record></collection>